@book{nmpbook,
  author = {Miriam, Iorwerth},
  year = {2023},
  isbn = {9781032215372},
  title = {Networked Music Performance: Theory and Applications (English Edition)},
  publisher = {Focal Press}
}

@inproceedings{admet,
  author={Battello, Riccardo and Comanducci, Luca and Antonacci, Fabio and Sarti, Augusto and Delle Monache, Stefano and Cospito, Giovanni and Pietrocola, Enrico and Berbenni, Filippo},
  booktitle={2020 27th Conference of Open Innovations Association (FRUCT)}, 
  title={An Adaptive Metronome Technique for Mitigating the Impact of Latency in Networked Music Performances}, 
  year={2020},
  volume={},
  number={},
  pages={10-17},
  doi={10.23919/FRUCT49677.2020.9211053}
}

@article{admet:experiment,
author = {Battello, Riccardo and Comanducci, Luca and Antonacci, Fabio and Cospito, Giovanni and Sarti, Augusto},
year = {2021},
month = {10},
pages = {737-747},
title = {Experimenting With Adaptive Metronomes in Networked Music Performances},
volume = {69},
doi = {10.17743/jaes.2021.0034}
}

@article{alexandraki:2013,
author = {Alexandraki, Chrisoula and Bader, Rolf},
year = {2013},
month = {05},
pages = {3367},
title = {Real-time concatenative synthesis for networked musical interactions},
volume = {133},
journal = {The Journal of the Acoustical Society of America},
doi = {10.1121/1.4805766}
}

@inproceedings{alexandraki:2014,
author = {Alexandraki, Chrisoula and Bader, Rolf},
year = {2014},
month = {01},
pages = {},
title = {Using Computer Accompaniment to Assist Networked Music Performance},
journal = {Proceedings of the AES International Conference}
}

@inproceedings{tablanet,
author = {Sarkar, Mihir and Vercoe, Barry},
title = {Recognition and Prediction in a Network Music Performance System for Indian Percussion},
year = {2007},
isbn = {9781450378376},
publisher = {Association for Computing Machinery},
doi = {10.1145/1279740.1279809},
booktitle = {Proceedings of the 7th International Conference on New Interfaces for Musical Expression},
pages = {317-320},
}

@article{latency:char,
author = {Tsioutas, Konstantinos and Member, Aes and Xylomenos, George},
year = {2021},
month = {10},
pages = {},
title = {On the Impact of Audio Characteristics to the Quality of Musicians' Experience in Network Music Performance},
volume = {69},
journal = {Journal of the Audio Engineering Society. Audio Engineering Society},
doi = {10.17743/jaes.2021.0041}
}
